@misc{IEEE,
    author = {IEEE},
    title = {IEEE Author Ethics Guideline},
    note = {Accessed, 2021-11-30},
    url = {https://journals.ieeeauthorcenter.ieee.org/become-an-ieee-journal-author/publishing-ethics/}
}

@misc{UNY,
    author = {StaffUNY},
    title = {KODEETIKPENULISANILMIAH},
    note = {Accessed, 2021-11-30},
    url = {http://staffnew.uny.ac.id/upload/197902072014041001/pengabdian/KODEETIKPENULISANILMIAH.pdf}
}

@misc{salamadian,
    author = {salamadian.com},
    title = {10+ Contoh & Cara Penulisan Daftar Pustaka dari Jurnal (APA, MLA Style)},
    note = {Accessed, 2021-11-30},
    url = {https://salamadian.com/cara-penulisan-daftar-pustaka-dari-jurnal/}
}

@misc{IEEErefguide,
    author = {IEEE},
    title = {IEEE - Referencing Guide},
    note = {Accessed, 2021-11-30},
    url = {https://libguides.murdoch.edu.au/IEEE/all}
}

@misc{Jukanti,
    author = {Jukanti},
    title = {TEKNIK PENULISAN DAFTAR PUSTAKA STANDAR IEEE},
    note = {Accessed, 2021-11-30},
    url = {https://ojs.cbn.ac.id/index.php/jukanti/announcement/view/4}
}